@misc{halleffectzilver,
    author    = "LD Didactic GmbH ",
    title     = "Solid-State Physics Conduction phenomena Hall effect: Investigating the Hall effect in silver",
    journal   = "LD Physics Leaflets",
    %volume   = "",
    %number   = "",
    %pages    = "",
    %year      = "2012",
    %month    = "april",
    %note     = "",
}

@misc{AD521,
    author    = "ANALOG W DEVICE",
    title     = "IntegratedCircuit PrecisionInstrumentationAmplifier AD521 I",
    url   = "http://www.analog.com/media/en/technical-documentation/data-sheets/AD521.pdf (Bekeken op: 22-05-2018)",
    %volume   = "",
    %number   = "",
    %pages    = "",
    %year      = "2012",
    %month    = "april",
    %note     = "",
}

@misc{dmm,
    author    = "AIM-TTI | AIM & THURLBY THANDAR INSTRUMENTS",
    title     = "1604 4.75 digit Bench Multimeter",
    url   = "https://www.aimtti.com/product-category/multimeters/aim-1604 (Bekeken op: 22-05-2018)",
    %volume   = "",
    %number   = "",
    %pages    = "",
    %year      = "2012",
    %month    = "april",
    %note     = "",
}


@misc{apparatus_silver,
    author    = "LEYBOLD",
    title     = "Hall effect apparatu (silver) 586 81",
    url   = "https://www.leybold-shop.com/physics/physics-equipment/solid-state-physics/conduction-phenomena/hall-effect-silver-tungsten/hall-effect-apparatus-silver-58681.html (Bekeken op: 23-05-2018)",
    %volume   = "",
    %number   = "",
    %pages    = "",
    %year      = "2012",
    %month    = "april",
    %note     = "",
}

@misc{error_propagation,
    author    = "Ku, H. H.",
    title     = "Notes on the use of propagation of error formulas",
    url   = "http://nistdigitalarchives.contentdm.oclc.org/cdm/compoundobject/collection/p16009coll6/id/99848/rec/1 (Bekeken op: 27-05-2018)",
    %volume   = "",
    %number   = "",
    %pages    = "",
    %year      = "2012",
    %month    = "april",
    %note     = "",
}

@misc{Halleffect,
    author    = "R Nave",
    title     = "Hall effect",
    url   = "http://hyperphysics.phy-astr.gsu.edu/hbase/magnetic/Hall.html#c3 (Bekeken op: 23-05-2018)",
    %volume   = "",
    %number   = "",
    %pages    = "",
    %year      = "2012",
    %month    = "april",
    %note     = "",
}

@misc{researchmethods,
    author    = "Michael P. Marder",
    title     = "Research methods for science",
    %volume   = "",
    %number   = "",
    %pages    = "",
    %year      = "2012",
    %month    = "april",
    %note     = "",
}

@misc{elementarycharge,
    author    = "NIST",
    title     = "The NIST Reference on Constants, Units, and Uncertainty",
    url     =  "https://physics.nist.gov/cgi-bin/cuu/Value?e (bekeken op 02-06-2018)"
    %volume   = "",
    %number   = "",
    %pages    = "",
    %year      = "2012",
    %month    = "april",
    %note     = "",
}

@misc{ccdensity,
    author    = "Vilius Palenskis",
    title     = "Drift Mobility, Diffusion Coefficient of Randomly Moving Charge Carriers in Metals and Other Materials with Degenerated Electron Gas",
    url     =  "http://file.scirp.org/Html/13-4800160_28333.htm (bekeken op 03-06-2018)"
    %volume   = "",
    %number   = "",
    %pages    = "",
    year      = "2012",
    %month    = "april",
    %note     = "",
}
